
@article{Aidt_2008,
author = "Aidt, Toke S. and Tzannatos, Zafiris",
title = "Trade unions, collective bargaining and macroeconomic performance: a review",
journal = "Industrial Relations Journal",
volume = "39",
number = "4",
pages = "258-295",
year = "2008"
}

@article{Aigner_1977,
 author = "Dennis J. Aigner and Glen G. Cain",
 journal = "Industrial and Labor Relations Review",
 number = "2",
 pages = "175--187",
 publisher = "Sage Publications, Inc.",
 title = "Statistical Theories of Discrimination in Labor Markets",
 urldate = "2022-10-26",
 volume = "30",
 year = "1977"
}



@incollection{Altonji_1999,
title = "Race and gender in the labor market",
editor = "David Card and Orley Ashenfelter",
booktitle = "Handbook of Labor Economics",
publisher = "Elsevier",
volume = "3",
pages = "3143-3259",
year = "1999",
author = "Joseph G. Altonji and Rebecca M. Blank"
}


@book{Cohen_2001,
publisher = "Editorial Paidós",
year = "2001",
author = "G. A. Cohen",
title = "Si eres igualitarista, ¿cómo es que eres tan rico?"
}


@incollection{Cohen_2014c,
title = " ¿{Por} qué no el socialismo?",
editor = "Jahel Queralt",
booktitle = "Por una vuelta al socialismo: o cómo el capitalismo nos hace menos libres",
publisher = "Siglo Veintiuno Editores",
pages = "179-207",
year = "2014",
author = "G. A. Cohen",
}

@book{Rawls_2002,
title = "La justicia como equidad: Una reformulación",
author = "John Rawls",
year = "2002",
publisher = "Editorial Paidós",
}